<?xml version="1.0" encoding="UTF-8"?><collection><record><leader>08034ntm a2200661 a 4500</leader><controlfield tag="001">006768714</controlfield><controlfield tag="003">MiAaHDL</controlfield><controlfield tag="005">20190719000000.0</controlfield><controlfield tag="006">m        d        </controlfield><controlfield tag="007">cr bn ---auaua</controlfield><controlfield tag="008">090506q17191720xx            00| ||ara d</controlfield><datafield tag="035" ind1=" " ind2=" "><subfield code="a">(MiU)006768714</subfield></datafield><datafield tag="035" ind1=" " ind2=" "><subfield code="a">sdr-miu006768714</subfield></datafield><datafield tag="040" ind1=" " ind2=" "><subfield code="a">MiU</subfield><subfield code="c">MiU</subfield><subfield code="e">amremm</subfield></datafield><datafield tag="043" ind1=" " ind2=" "><subfield code="a">n-us-mi</subfield></datafield><datafield tag="100" ind1="1" ind2=" "><subfield code="6">880-01</subfield><subfield code="a">Rūmī, ʻAbd al-Raḥmān ibn Khalīl.</subfield></datafield><datafield tag="245" ind1="1" ind2="0"><subfield code="6">880-03</subfield><subfield code="a">[Sharḥ Marāḥ al-arwāḥ,</subfield><subfield code="f">1132, i.e. 1719 or 1720].</subfield></datafield><datafield tag="246" ind1="3" ind2="8"><subfield code="a">شرح مراح</subfield></datafield><datafield tag="246" ind1="3" ind2=" "><subfield code="i">Title from inscription on 'title page' p.7:</subfield><subfield code="a">شرح المراح لعبد الرحمن</subfield></datafield><datafield tag="260" ind1=" " ind2=" "><subfield code="c">[1719 or 1720].</subfield></datafield><datafield tag="300" ind1=" " ind2=" "><subfield code="a">126 leaves :</subfield><subfield code="b">paper ;</subfield><subfield code="c">222 x 170 (153 x 83) mm. bound to 222 x 180 mm.</subfield></datafield><datafield tag="500" ind1=" " ind2=" "><subfield code="a">Shelfmark: Ann Arbor, University of Michigan, Special Collections Library, Isl. Ms. 133</subfield></datafield><datafield tag="500" ind1=" " ind2=" "><subfield code="a">Origin: As appears in colophon on p.247, Sharḥ ʻAbd al-Raḥmān copied by Muṣṭafá ibn Ḥasan al-Wāfī [Mustafa Hasan Vafi]. Transcription finished 1132 [1719 or 20]. As appears on p.6, opening work completed 1175 [1761 or 2].</subfield></datafield><datafield tag="500" ind1=" " ind2=" "><subfield code="a">Former shelfmark: British Museum, London "No. 62. Marah al-arwah."</subfield></datafield><datafield tag="500" ind1=" " ind2=" "><subfield code="a">Binding: Pasteboards covered in laid paper with red-brown leather over spine, fore-edge flap, and edges/turn-ins ; Type II binding (with flap) ; dark blue-green paper over envelope flap ; upper board lining and interior of envelope flap in pink-tinted laid paper, lower board lining in yellow-tinted laid paper ; upper and lower covers and bear traces of blind-stamped scalloped mandorla, with frame in a series of s-shaped stamps defined by tooled fillets ; design continues on envelope flap ; doublures (board linings) also bear blind-stamped scalloped mandorla with accompanying pendants and cornerpieces, along with border in a series of tooled fillets ; design continues on interior of envelope flap ; sewn in yellow thread, two stations ; worked endbands in red and green, in poor condition ; overall in very poor condition with significant abrasion, lifting and losses of paper and leather (particularly at foreedge flap), severe delamination of boards, staining, upper cover detaching at spine, some negative draw in upper cover, etc. ; various repairs, also damaged.</subfield></datafield><datafield tag="500" ind1=" " ind2=" "><subfield code="a">Support: European laid paper with 12 laid lines per cm. (vertical) and chain lines spaced 24 mm. apart (horizontal) ; watermark with crown above bar above grapes or pendant ; lightly sized and burnished.</subfield></datafield><datafield tag="500" ind1=" " ind2=" "><subfield code="a">Decoration: Keywords, section headings and abbreviations symbols rubricated ; some notabilia and marginal corrections also in red ink ; textual dividers in the form of red commas.</subfield></datafield><datafield tag="500" ind1=" " ind2=" "><subfield code="a">Script: Naskh ; on main clear Turkish hand, some sections likely supplied in other hands ; mainly serifless ; very slight effect of tilt to the left, occasionally more exaggerated ; mainly closed counters ; occasional hāʼ mudghamah looking like two inverted commas ; occasional very slight effect of words descending to baseline ; many descenders tapered ; final yāʼ and alif maqsūrah mardūdah ; some variation in line thickness.</subfield></datafield><datafield tag="500" ind1=" " ind2=" "><subfield code="a">Layout: Written in 19 lines per page ; frame-ruled.</subfield></datafield><datafield tag="500" ind1=" " ind2=" "><subfield code="a">Collation: i, I (2), 11 V(112), IV (120), III (126) ; chiefly quinions ; final three leaves originally left blank ; lacks proper catchwords but but last word of final line on the verso of each leaf is usually repeated at the beginning of the first line on the following recto ; pagination in pencil, Western numerals, supplied during digitization (includes front flyleaf and skips two pages between pp.239-240).</subfield></datafield><datafield tag="500" ind1=" " ind2=" "><subfield code="a">Colophon: "Scribal," triangular, reads: "تمت هذه النسخة الشريفة المباركة الميمونة بعون الله الملك الوهاب على يد اضعف العباد مصطفى بن حسن الوافي غفر الله له ولوالديه واحسن اليهما واليه في سنة اثنى وثلاثون ومائة والف من جهرة [هجرة] النبوية تمت تم تم تم"</subfield></datafield><datafield tag="500" ind1=" " ind2=" "><subfield code="a">Explicit: "لكنه لا يعده ايضا لمتابعة للمفرد والذي اجتمع فيه اعلالان اذا اعل عينه [؟] والله اعلم بالصواب واليه المرجع والمآب"</subfield></datafield><datafield tag="500" ind1=" " ind2=" "><subfield code="a">Incipit: [Sharḥ al-Marāḥ] "الحمد لله الذي اطلعنا على كتابه بعلوم العربية والتصريف وحفظ كلامه عن التبديل والتغيير والتحريف وجعل التثبت به بمراح الارواح ... اما بعد فان العبد الذليل عبد الرحمن بن خليل يقول لما اسبغ الله على عباده نعماء لا يحصى عددها ... ومن لطفه علي وافضاله الي ترقي امر بعض اولادي الى قراءة مراح الارواح ... شرحت شرحا يحتوي متنا"</subfield></datafield><datafield tag="500" ind1=" " ind2=" "><subfield code="a">Title supplied by cataloguer.</subfield></datafield><datafield tag="500" ind1=" " ind2=" "><subfield code="a">Ms. codex.</subfield></datafield><datafield tag="505" ind1="0" ind2=" "><subfield code="a">3. p.248-p.250 : [originally left blank, now carries Qaṣīdah malīḥah fī al-nafs].</subfield></datafield><datafield tag="505" ind1="0" ind2=" "><subfield code="a">2. p.7-p.247 : Sharḥ al-Marāḥ / ʻAbd al-Raḥmān ibn Khalīl al-Rūmī.</subfield></datafield><datafield tag="505" ind1="0" ind2=" "><subfield code="a">1. p.4-p.6 : Shayʼan lil-maṣādir al-madhkūrah fī Marāḥ al-arwāḥ.</subfield></datafield><datafield tag="510" ind1="4" ind2=" "><subfield code="a">Brockelmann, C. GAL,</subfield><subfield code="c">II, 21</subfield></datafield><datafield tag="520" ind1="8" ind2=" "><subfield code="a">Fine copy of a commentary by ʻAbd al-Raḥmān ibn Khalīl on Ibn Masʻūd's textbook of Arabic grammar, Marāḥ al-arwāḥ. Preceded by a very brief anonymous commentary listing the maṣādir of the verbs discussed in the Marāḥ al-arwāḥ and followed by a witty poem.</subfield></datafield><datafield tag="538" ind1=" " ind2=" "><subfield code="a">Mode of access: Internet.</subfield></datafield><datafield tag="541" ind1=" " ind2=" "><subfield code="c">Purchase ;</subfield><subfield code="a">Acquired by purchase (funds donated by Horace Rackham).</subfield><subfield code="d">1924.</subfield></datafield><datafield tag="546" ind1=" " ind2=" "><subfield code="a">Arabic.</subfield></datafield><datafield tag="561" ind1=" " ind2=" "><subfield code="a">Bookplate of British Museum, London on interior of upper cover, "British Museum, London. No. 62. Marah al-arwah." ; circular seal impression with figure of goat/gazelle in purple ink as well as inscription "333" in Western numerals on front flyleaf (p.1) ; on paper (blue-tinted) pasted on 'title page' (p.7), a detailed waqf statement in the name of al-Sayyid ʻAbd Allāh Adīb (Abdullah Edip), known as Jannatʹzādah (Cennet-zade), qāḍī of Erzurum, accompanied by his seal, reads: "وقفت وقفا صحيحا شرعيا على ان لا يخرج من بيت الكتب الملتصق بداري الا لعلماء سكنوا بارضروم بكفيل مرعى اورهن قوي وانا الفقير اليه عز شانه السيد عبد الله اديب الشهير بجنت زاده القاضي بمدينة ارضروم في سنة اثنى وستين ومائتين والف" ; also on 'title page' (p.7) ownership statement in red ink reads "ملكته في سنة ١١٧٥" ; extensive marginal and interlinear glosses and corrections ; occasional notabilia (side-heads) often rubricated.</subfield></datafield><datafield tag="600" ind1="1" ind2="0"><subfield code="a">Ibn Masʻūd, Aḥmad ibn ʻAlī,</subfield><subfield code="d">13th cent.</subfield><subfield code="t">Marāḥ al-arwāḥ.</subfield></datafield><datafield tag="650" ind1=" " ind2="0"><subfield code="a">Manuscripts, Arabic</subfield><subfield code="z">Michigan</subfield><subfield code="z">Ann Arbor.</subfield></datafield><datafield tag="650" ind1=" " ind2="0"><subfield code="a">Arabic language</subfield><subfield code="x">Grammar</subfield><subfield code="v">Early works to 1800.</subfield></datafield><datafield tag="650" ind1=" " ind2="0"><subfield code="a">Arabic language</subfield><subfield code="x">Morphology</subfield><subfield code="v">Early works to 1800.</subfield></datafield><datafield tag="700" ind1="0" ind2=" "><subfield code="6">880-06</subfield><subfield code="a">Mustafa Hasan Vafi,</subfield><subfield code="d">fl. 1719 or 20,</subfield><subfield code="t">scribe.</subfield></datafield><datafield tag="700" ind1="1" ind2="2"><subfield code="6">880-05</subfield><subfield code="a">Ibn Masʻūd, Aḥmad ibn ʻAlī,</subfield><subfield code="d">active 13th century.</subfield><subfield code="t">Marāḥ al-arwāḥ.</subfield></datafield><datafield tag="740" ind1="0" ind2="2"><subfield code="6">880-08</subfield><subfield code="a">Qaṣīdah malīḥah fī al-nafs</subfield></datafield><datafield tag="740" ind1="0" ind2="2"><subfield code="6">880-07</subfield><subfield code="a">Shayʼan lil-maṣādir al-madhkūrah fī Marāḥ al-arwāḥ</subfield></datafield><datafield tag="773" ind1="0" ind2=" "><subfield code="a">Tiflis Collection.</subfield></datafield><datafield tag="880" ind1="0" ind2="2"><subfield code="6">740-08/</subfield><subfield code="a">قصيدة مليحة في النفس</subfield></datafield><datafield tag="880" ind1="0" ind2="2"><subfield code="6">740-07/</subfield><subfield code="a">شيئا للمصادر المذكورة في مراح الارواح</subfield></datafield><datafield tag="880" ind1="0" ind2=" "><subfield code="6">700-06/</subfield><subfield code="a">مصطفى بن حسن الوافي،</subfield><subfield code="t">ناسخ.</subfield></datafield><datafield tag="880" ind1="1" ind2="2"><subfield code="6">700-05/</subfield><subfield code="a">ابن مسعود، احمد بن علي.</subfield><subfield code="t">مراح الارواح.</subfield></datafield><datafield tag="880" ind1="1" ind2="0"><subfield code="6">245-03/</subfield><subfield code="a">[شرح مراح الارواح,</subfield><subfield code="f">1132ه, 1719 أو 1720م].</subfield></datafield><datafield tag="880" ind1="1" ind2=" "><subfield code="6">100-01/</subfield><subfield code="a">رومي، عبد الرحمن بن خليل.</subfield></datafield><datafield tag="CID" ind1=" " ind2=" "><subfield code="a">006768714</subfield></datafield><datafield tag="DAT" ind1="0" ind2=" "><subfield code="a">20190719102635.0</subfield><subfield code="b">20190719000000.0</subfield></datafield><datafield tag="DAT" ind1="1" ind2=" "><subfield code="a">20190719090653.0</subfield><subfield code="b">2019-07-19T16:11:22Z</subfield></datafield><datafield tag="DAT" ind1="2" ind2=" "><subfield code="a">2015-10-10T18:00:06Z</subfield></datafield><datafield tag="CAT" ind1=" " ind2=" "><subfield code="a">SDR-MIU</subfield><subfield code="d">EX LIBRIS - ALEPH</subfield><subfield code="l">prepare.pl-004-008</subfield></datafield><datafield tag="FMT" ind1=" " ind2=" "><subfield code="a">BK</subfield></datafield><datafield tag="HOL" ind1=" " ind2=" "><subfield code="0">sdr-miu006768714</subfield><subfield code="a">MiU</subfield><subfield code="b">SDR</subfield><subfield code="c">MIU</subfield><subfield code="p">mdp.39015079125186</subfield><subfield code="s">MIU</subfield><subfield code="1">006768714</subfield></datafield><datafield tag="974" ind1=" " ind2=" "><subfield code="b">MIU</subfield><subfield code="c">MIU</subfield><subfield code="d">20190719</subfield><subfield code="s">lit-dlps-dc</subfield><subfield code="u">mdp.39015079125186</subfield><subfield code="y">1720</subfield><subfield code="r">pd</subfield><subfield code="q">bib</subfield><subfield code="t">non-US bib date2 &lt; 1896</subfield></datafield></record></collection>